@online{SymfonyDocs,
  title = {Symfony Documentation},
  url = {https://symfony.com/doc/current/index.html},
  urldate = {2020-05-01}
}

@online{SymfonySecurity,
  title = {Symfony Security},
  url = {https://symfony.com/doc/current/security.html},
  urldate = {2020-05-01}
}

@online{PWSymfonyDOC,
  author = {krosf},
  title = {{PW Symfony Doc}, Respositorio de este pdf.},
  url = {https://github.com/krosf-university/pw-symfony-doc},
  urldate = {2020-05-01}
}s

@online{PWSymfonySource,
  author = {krosf},
  title = {{PW Symfony}, Respositorio con el c√≥digo utilizado.},
  url = {https://github.com/krosf-university/pw-symfony},
  urldate = {2020-05-01}
}

